@misc{cern_higgs,
  author =       "Claire Adam-Bourdariosa , Glen Cowanb, Cécile Germainc ,Isabelle Guyond, Balázs Kegl, David Rouseau",
  title = "Learning to discover: the Higgs boson machine learning challenge",
  url = "https://higgsml.lal.in2p3.fr/files/2014/04/documentation_v1.8.pdf"
}

@book{Machine_learning_book,
 author = "Kevin P. Murphy",
 title = "Machine learning : a probabilistic perspective",
 isbn = "978-0-262-01802-9"
}
